
@misc{nfv-website,
  title = {Network Functions Virtualisation},
  howpublished = {\url{http://www.3gpp.org/DynaReport/23228.htm}}
}

@misc{3gpp-ims,
title = {{3GPP specification: 23.228}},
howpublished = {\url{http://www.3gpp.org/ftp/Specs/html-info/23228.htm}}
}

@misc{epc,
title = {{The Evolved Packet Core}},
howpublished = {\url{http://www.3gpp.org/technologies/keywords-acronyms/100-the-evolved-packet-core}}
}

@misc{umts,
title = {{Universal Mobile Telecommunications System}},
howpublished = {\url{http://www.3gpp.org/technologies/keywords-acronyms/103-umts}}
}

@misc{lte,
title = {{LTE}},
howpublished = {\url{http://www.3gpp.org/technologies/keywords-acronyms/98-lte}}
}

@misc{sip,
title = {{SIP: Session Initiation Protocol}},
howpublished = {\url{https://www.ietf.org/rfc/rfc3261.txt}}
}

@misc{softlayer,
title = {{SoftLayer}},
howpublished = {\url{www.softlayer.com}}
}

@misc{snort,
title = {{Snort intrusion detection system}},
howpublished = {\url{https://www.snort.org/}}
}

@misc{project-clearwater,
title = {{Project Clearwater}},
howpublished = {\url{http://www.projectclearwater.org/}}
}

@misc{floodlight,
title = {{Floodlight OpenFlow Controller}},
howpublished = {\url{http://www.projectfloodlight.org/floodlight/}}
}

@misc{pjsip,
title = {{PJSIP - Open Source SIP, Media, and NAT Traversal Library}},
howpublished = {\url{http://www.pjsip.org/}}
}

@misc{sl-datacenter,
title = {{SoftLayer Global Datacenter}},
howpublished = {\url{http://www.softlayer.com/data-centers}}
}

@misc{sl-network,
title = {{SoftLayer Global Private Network}},
howpublished = {\url{http://www.softlayer.com/network}}
}

@misc{iplocation,
title = {{IP Location Finder}},
howpublished = {\url{https://www.iplocation.net/}}
}

@misc{vxlan,
title = {{Virtual eXtensible Local Area Network (VXLAN): A Framework
   for Overlaying Virtualized Layer 2 Networks over Layer 3 Networks}},
howpublished = {\url{https://tools.ietf.org/html/rfc7348}}
}


@article{sherry2012making,
  title={Making middleboxes someone else's problem: network processing as a cloud service},
  author={Sherry, Justine and Hasan, Shaddi and Scott, Colin and Krishnamurthy, Arvind and Ratnasamy, Sylvia and Sekar, Vyas},
  journal={ACM SIGCOMM Computer Communication Review},
  volume={42},
  number={4},
  pages={13--24},
  year={2012},
  publisher={ACM}
}

@inproceedings{lan2016embark,
  title={Embark: securely outsourcing middleboxes to the cloud},
  author={Lan, Chang and Sherry, Justine and Popa, Raluca Ada and Ratnasamy, Sylvia and Liu, Zhi},
  booktitle={Proceedings of the 13th Usenix Conference on Networked Systems Design and Implementation},
  pages={255--273},
  year={2016},
  organization={USENIX Association}
}

@inproceedings{palkar2015e2,
  title={E2: a framework for NFV applications},
  author={Palkar, Shoumik and Lan, Chang and Han, Sangjin and Jang, Keon and Panda, Aurojit and Ratnasamy, Sylvia and Rizzo, Luigi and Shenker, Scott},
  booktitle={Proceedings of the 25th Symposium on Operating Systems Principles},
  pages={121--136},
  year={2015},
  organization={ACM}
}

@inproceedings{rizzo2013speeding,
  title={Speeding up packet i/o in virtual machines},
  author={Rizzo, Luigi and Lettieri, Giuseppe and Maffione, Vincenzo},
  booktitle={Proceedings of the ninth ACM/IEEE symposium on Architectures for networking and communications systems},
  pages={47--58},
  year={2013},
  organization={IEEE Press}
}

@article{kohler2000click,
  title={The Click modular router},
  author={Kohler, Eddie and Morris, Robert and Chen, Benjie and Jannotti, John and Kaashoek, M Frans},
  journal={ACM Transactions on Computer Systems (TOCS)},
  volume={18},
  number={3},
  pages={263--297},
  year={2000},
  publisher={ACM}
}

@inproceedings{martins2014clickos,
  title={ClickOS and the art of network function virtualization},
  author={Martins, Joao and Ahmed, Mohamed and Raiciu, Costin and Olteanu, Vladimir and Honda, Michio and Bifulco, Roberto and Huici, Felipe},
  booktitle={Proceedings of the 11th USENIX Conference on Networked Systems Design and Implementation},
  pages={459--473},
  year={2014},
  organization={USENIX Association}
}

@article{hwang2015netvm,
  title={NetVM: high performance and flexible networking using virtualization on commodity platforms},
  author={Hwang, Jinho and Ramakrishnan, KK and Wood, Timothy},
  journal={Network and Service Management, IEEE Transactions on},
  volume={12},
  number={1},
  pages={34--47n},
  year={2015},
  publisher={IEEE}
}

@misc{dpdk,
title = {{Intel Data Plane Development Tool Kit}},
howpublished = {\url{http://dpdk.org/}}
}

@book{box2015time,
  title={Time series analysis: forecasting and control},
  author={Box, George EP and Jenkins, Gwilym M and Reinsel, Gregory C and Ljung, Greta M},
  year={2015},
  publisher={John Wiley \& Sons}
}

@inproceedings{rizzo2012netmap,
  title={Netmap: a novel framework for fast packet I/O},
  author={Rizzo, Luigi},
  booktitle={21st USENIX Security Symposium (USENIX Security 12)},
  pages={101--112},
  year={2012}
}

@inproceedings{sekar2012design,
  title={Design and implementation of a consolidated middlebox architecture},
  author={Sekar, Vyas and Egi, Norbert and Ratnasamy, Sylvia and Reiter, Michael K and Shi, Guangyu},
  booktitle={Presented as part of the 9th USENIX Symposium on Networked Systems Design and Implementation (NSDI 12)},
  pages={323--336},
  year={2012}
}

@inproceedings{fayazbakhsh2013flowtags,
  title={Flowtags: Enforcing network-wide policies in the presence of dynamic middlebox actions},
  author={Fayazbakhsh, Seyed Kaveh and Sekar, Vyas and Yu, Minlan and Mogul, Jeffrey C},
  booktitle={Proceedings of the second ACM SIGCOMM workshop on Hot topics in software defined networking},
  pages={19--24},
  year={2013},
  organization={ACM}
}

@article{joseph2008policy,
  title={A policy-aware switching layer for data centers},
  author={Joseph, Dilip A and Tavakoli, Arsalan and Stoica, Ion},
  journal={ACM SIGCOMM Computer Communication Review},
  volume={38},
  number={4},
  pages={51--62},
  year={2008},
  publisher={ACM}
}

@inproceedings{rajagopalan2013split,
  title={Split/Merge: System Support for Elastic Execution in Virtual Middleboxes.},
  author={Rajagopalan, Shriram and Williams, Dan and Jamjoom, Hani and Warfield, Andrew},
  booktitle={USENIX NSDI},
  year={2013}
}

@inproceedings{gember2014opennf,
  title={OpenNF: Enabling innovation in network function control},
  author={Gember-Jacobson, Aaron and Viswanathan, Raajay and Prakash, Chaithan and Grandl, Robert and Khalid, Junaid and Das, Sourav and Akella, Aditya},
  booktitle={Proc.~of ACM SIGCOMM},
  year={2014},
}

@inproceedings{khalid2016paving,
  title={Paving the way for NFV: simplifying middlebox modifications using StateAlyzr},
  author={Khalid, Junaid and Gember-Jacobson, Aaron and Michael, Roney and Abhashkumar, Anubhavnidhi and Akella, Aditya},
  booktitle={13th USENIX Symposium on Networked Systems Design and Implementation (NSDI 16)},
  pages={239--253},
  year={2016}
}

@inproceedings{wood2007black,
  title={Black-box and Gray-box Strategies for Virtual Machine Migration.},
  author={Wood, Timothy and Shenoy, Prashant J and Venkataramani, Arun and Yousif, Mazin S},
  booktitle={USENIX NSDI},
  year={2007}
}

@inproceedings{clark2005live,
  title={Live migration of virtual machines},
  author={Clark, Christopher and Fraser, Keir and Hand, Steven and Hansen, Jacob Gorm and Jul, Eric and Limpach, Christian and Pratt, Ian and Warfield, Andrew},
  booktitle={USENIX NSDI},
  year={2005}
}

@article{gember2012stratos,
  title={Stratos: Virtual middleboxes as first-class entities},
  author={Gember, Aaron and Grandl, Robert and Anand, Ashok and Benson, Theophilus and Akella, Aditya},
  journal={UW-Madison TR1771},
  year={2012}
}

@inproceedings{anderson2012xomb,
  title={xOMB: extensible open middleboxes with commodity servers},
  author={Anderson, James W and Braud, Ryan and Kapoor, Rishi and Porter, George and Vahdat, Amin},
  booktitle={Proceedings of the eighth ACM/IEEE symposium on Architectures for networking and communications systems},
  pages={49--60},
  year={2012},
  organization={ACM}
}

@inproceedings{anwer2015programming,
  title={Programming slick network functions},
  author={Anwer, Bilal and Benson, Theophilus and Feamster, Nick and Levin, Dave},
  booktitle={Proceedings of the 1st ACM SIGCOMM Symposium on Software Defined Networking Research},
  pages={14},
  year={2015},
  organization={ACM}
}

@article{mckeown2008openflow,
  title={OpenFlow: enabling innovation in campus networks},
  author={McKeown, Nick and Anderson, Tom and Balakrishnan, Hari and Parulkar, Guru and Peterson, Larry and Rexford, Jennifer and Shenker, Scott and Turner, Jonathan},
  journal={ACM SIGCOMM Computer Communication Review},
  volume={38},
  number={2},
  pages={69--74},
  year={2008},
  publisher={ACM}
}

@inproceedings{qazi2013simple,
  title={SIMPLE-fying middlebox policy enforcement using SDN},
  author={Qazi, Zafar Ayyub and Tu, Cheng-Chun and Chiang, Luis and Miao, Rui and Sekar, Vyas and Yu, Minlan},
  booktitle={ACM SIGCOMM computer communication review},
  volume={43},
  number={4},
  pages={27--38},
  year={2013},
  organization={ACM}
}

@inproceedings{dobrescu2009routebricks,
  title={RouteBricks: exploiting parallelism to scale software routers},
  author={Dobrescu, Mihai and Egi, Norbert and Argyraki, Katerina and Chun, Byung-Gon and Fall, Kevin and Iannaccone, Gianluca and Knies, Allan and Manesh, Maziar and Ratnasamy, Sylvia},
  booktitle={Proceedings of the ACM SIGOPS 22nd symposium on Operating systems principles},
  pages={15--28},
  year={2009},
  organization={ACM}
}

@inproceedings{pfaff2015design,
  title={The design and implementation of open vswitch},
  author={Pfaff, Ben and Pettit, Justin and Koponen, Teemu and Jackson, Ethan and Zhou, Andy and Rajahalme, Jarno and Gross, Jesse and Wang, Alex and Stringer, Joe and Shelar, Pravin and others},
  booktitle={12th USENIX Symposium on Networked Systems Design and Implementation (NSDI 15)},
  pages={117--130},
  year={2015}
}

@article{tootoonchian2012controller,
  title={On Controller Performance in Software-Defined Networks.},
  author={Tootoonchian, Amin and Gorbunov, Sergey and Ganjali, Yashar and Casado, Martin and Sherwood, Rob},
  journal={Hot-ICE},
  volume={12},
  pages={1--6},
  year={2012}
}

@inproceedings {199352,
author = {Aurojit Panda and Sangjin Han and Keon Jang and Melvin Walls and Sylvia Ratnasamy and Scott Shenker},
title = {{NetBricks: Taking the V out of NFV}},
booktitle = {Proc.~of the 12th USENIX Symposium on Operating Systems Design and Implementation (OSDI'16)},
year = {2016}
}

@misc{bess,
title = {{BESS: Berkeley Extensible Software Switch}},
howpublished = {\url{https://github.com/NetSys/bess}}
}

@misc{rpc,
title = {{Remote procedure call}},
howpublished = {\url{https://en.wikipedia.org/wiki/Remote_procedure_call}}
}

@misc{dynamic-loading,
title = {{Dynamic loading}},
howpublished = {\url{https://en.wikipedia.org/wiki/Dynamic_loading}}
}

@misc{nim,
title = {{Nim Programming Language}},
howpublished = {\url{https://nim-lang.org/}}
}

@inproceedings {201546,
author = {Muhammad Asim Jamshed and YoungGyoun Moon and Donghwi Kim and Dongsu Han and KyoungSoo Park},
title = {mOS: A Reusable Networking Stack for Flow Monitoring Middleboxes},
booktitle = {14th USENIX Symposium on Networked Systems Design and Implementation (NSDI 17)},
year = {2017},
isbn = {978-1-931971-37-9},
address = {Boston, MA},
pages = {113--129},
url = {https://www.usenix.org/conference/nsdi17/technical-sessions/presentation/jamshed},
publisher = {USENIX Association},
}

@inproceedings{sherry2015rollback,
  title={Rollback-recovery for middleboxes},
  author={Sherry, Justine and Gao, Peter Xiang and Basu, Soumya and Panda, Aurojit and Krishnamurthy, Arvind and Maciocco, Christian and Manesh, Maziar and Martins, Jo{\~a}o and Ratnasamy, Sylvia and Rizzo, Luigi and others},
  booktitle={ACM SIGCOMM Computer Communication Review},
  volume={45},
  number={4},
  pages={227--240},
  year={2015},
  organization={ACM}
}

@misc{prads,
title = {{PRADs Asset Monitor.}},
howpublished = {\url{https://github.com/gamelinux/prads}}
}

@misc{memcached,
title = {{Memcached}},
howpublished = {\url{https://memcached.org/}}
}

@inproceedings {179773,
author = {EunYoung Jeong and Shinae Wood and Muhammad Jamshed and Haewon Jeong and Sunghwan Ihm and Dongsu Han and KyoungSoo Park},
title = {mTCP: a Highly Scalable User-level TCP Stack for Multicore Systems},
booktitle = {11th USENIX Symposium on Networked Systems Design and Implementation (NSDI 14)},
year = {2014},
isbn = {978-1-931971-09-6},
address = {Seattle, WA},
pages = {489--502},
url = {https://www.usenix.org/conference/nsdi14/technical-sessions/presentation/jeong},
publisher = {USENIX Association},
}

@misc{bro,
title = {{The Bro Network Security Monitor}},
howpublished = {\url{https://www.bro.org/}}
}

@misc{seastar,
title = {{Seastar Project}},
howpublished = {\url{http://www.seastar-project.org/}}
}

@inproceedings{vouillon2008lwt,
  title={Lwt: a cooperative thread library},
  author={Vouillon, J{\'e}r{\^o}me},
  booktitle={Proceedings of the 2008 ACM SIGPLAN workshop on ML},
  pages={3--12},
  year={2008},
  organization={ACM}
}

@inproceedings{panda2017verifying,
  title={Verifying Reachability in Networks with Mutable Datapaths.},
  author={Panda, Aurojit and Lahav, Ori and Argyraki, Katerina J and Sagiv, Mooly and Shenker, Scott},
  booktitle={NSDI},
  pages={699--718},
  year={2017}
}

@inproceedings {201569,
author = {Aurojit Panda and Ori Lahav and Katerina Argyraki and Mooly Sagiv and Scott Shenker},
title = {Verifying Reachability in Networks with Mutable Datapaths},
booktitle = {14th {USENIX} Symposium on Networked Systems Design and Implementation ({NSDI} 17)},
year = {2017},
isbn = {978-1-931971-37-9},
address = {Boston, MA},
pages = {699--718},
url = {https://www.usenix.org/conference/nsdi17/technical-sessions/presentation/panda-mutable-datapaths},
publisher = {{USENIX} Association},
}

@inproceedings {201545,
author = {Murad Kablan and Azzam Alsudais and Eric Keller and Franck Le},
title = {Stateless Network Functions: Breaking the Tight Coupling of State and Processing},
booktitle = {14th {USENIX} Symposium on Networked Systems Design and Implementation ({NSDI} 17)},
year = {2017},
isbn = {978-1-931971-37-9},
address = {Boston, MA},
pages = {97--112},
url = {https://www.usenix.org/conference/nsdi17/technical-sessions/presentation/kablan},
publisher = {{USENIX} Association},
}

@article{ousterhout2015ramcloud,
  title={The RAMCloud storage system},
  author={Ousterhout, John and Gopalan, Arjun and Gupta, Ashish and Kejriwal, Ankita and Lee, Collin and Montazeri, Behnam and Ongaro, Diego and Park, Seo Jin and Qin, Henry and Rosenblum, Mendel and others},
  journal={ACM Transactions on Computer Systems (TOCS)},
  volume={33},
  number={3},
  pages={7},
  year={2015},
  publisher={ACM}
}
